%% This BibTeX bibliography file was created using BibDesk.
%% http://bibdesk.sourceforge.net/


%% Created for Christopher Fu at 2016-05-11 00:09:13 -0700 


%% Saved with string encoding Unicode (UTF-8) 



@article{Green:1996aa,
	Author = {T. R. G. Green and M. Petre},
	Date-Added = {2016-05-11 07:08:02 +0000},
	Date-Modified = {2016-05-11 07:09:09 +0000},
	Journal = {Journal of Visual Languages & Computing},
	Month = {June},
	Number = {2},
	Pages = {131-174},
	Title = {Usability Analysis of Visual Programming Environments: A `Cognitive Dimensions' Framework},
	Volume = {7},
	Year = {1996}}

@article{Newell:1985aa,
	Author = {Allen Newell and Stuart K. Card},
	Date-Added = {2016-05-11 06:24:55 +0000},
	Date-Modified = {2016-05-11 06:26:50 +0000},
	Journal = {Human Computer Interaction},
	Number = {3},
	Pages = {209-242},
	Title = {The Prospects for Psychologicla Science in Human-Computer Interaction},
	Volume = {1},
	Year = {1985}}

@article{Pane:2001aa,
	Author = {John F. Pane and Chotirat Ann Ratanamahatana and Brad A. Myers},
	Date-Added = {2016-05-11 06:19:15 +0000},
	Date-Modified = {2016-05-11 06:23:04 +0000},
	Journal = {International Journal of Human-Computer Studies},
	Number = {2},
	Pages = {237-264},
	Title = {Studying the language and structure in non-programmers' solutions to programming problems},
	Volume = {54},
	Year = {2001}}
